<?xml version="1.0" encoding="UTF-8"?><record xmlns="http://www.loc.gov/MARC21/slim" xmlns:cinclude="http://apache.org/cocoon/include/1.0" xmlns:zs="http://www.loc.gov/zing/srw/">
  <leader>00764cz  a2200145n  4500</leader>
  <controlfield tag="001">n  84116231 </controlfield>
  <controlfield tag="003">DLC</controlfield>
  <controlfield tag="005">20081126080532.0</controlfield>
  <controlfield tag="008">840802n| acannaabn          |a ana      </controlfield>
  <datafield tag="010" ind1=" " ind2=" ">
    <subfield code="a">n  84116231 </subfield>
  </datafield>
  <datafield tag="035" ind1=" " ind2=" ">
    <subfield code="a">(OCoLC)oca01164261</subfield>
  </datafield>
  <datafield tag="040" ind1=" " ind2=" ">
    <subfield code="a">DLC</subfield>
    <subfield code="b">eng</subfield>
    <subfield code="c">DLC</subfield>
    <subfield code="d">DLC</subfield>
    <subfield code="d">OCoLC</subfield>
  </datafield>
  <datafield tag="110" ind1="2" ind2=" ">
    <subfield code="a">Universidad de Valladolid.</subfield>
    <subfield code="b">Instituto Universitario de Estudios Europeos</subfield>
  </datafield>
  <datafield tag="410" ind1="2" ind2=" ">
    <subfield code="a">Universidad de Valladolid.</subfield>
    <subfield code="b">Departamento de Derecho Internacional.</subfield>
    <subfield code="b">Instituto Universitario de Estudios Europeos</subfield>
  </datafield>
  <datafield tag="670" ind1=" " ind2=" ">
    <subfield code="a">Symposium sobre EspanĚa y las Comunidades Europeas (1st : 1982 : Universidad de Valladolid). I Symposium sobre EspanĚa y las Comunidades Europeas, 1983?:</subfield>
    <subfield code="b">t.p. (Instituto Universitario de Estudios Europeos, Universidad de Valladolid, Departamento de Derecho Internacional)</subfield>
  </datafield>
</record>